@article{sweeney_k_anonymity,
  title={{k-anonymity: A model for protecting privacy}},
  author={Sweeney, Latanya},
  journal={International Journal of Uncertainty, Fuzziness and Knowledge-Based Systems},
  volume={10},
  number={05},
  pages={557--570},
  year={2002},
  publisher={World Scientific}
}

@techreport{samarati1998protecting,
  title={{Protecting privacy when disclosing information: k-anonymity and its enforcement through generalization and suppression}},
  author={Samarati, Pierangela and Sweeney, Latanya},
  year={1998},
  institution={Technical report, SRI International}
}

@article{machanavajjhala_l_diversity,
  title={{l-diversity: Privacy beyond k-anonymity}},
  author={Machanavajjhala, Ashwin and Kifer, Daniel and Gehrke, Johannes and Venkitasubramaniam, Muthuramakrishnan},
  journal={ACM Transactions on Knowledge Discovery from Data (TKDD)},
  volume={1},
  number={1},
  pages={3},
  year={2007},
  publisher={ACM}
}

@article{Li2007t-closseness,
  title={{t-Closeness: Privacy Beyond k-Anonymity and l-Diversity}},
  author={Li, Li, Venkatasubramanian},
  journal={2007 IEEE 23rd International Conference on Data Engineering },
  pages={106--115},
  year={2007},
  publisher={IEEE}
}

@inproceedings{golle_demographics,
  title={{Revisiting the uniqueness of simple demographics in the US population}},
  author={Golle, Philippe},
  booktitle={Proceedings of the 5th ACM workshop on Privacy in electronic society},
  pages={77--80},
  year={2006},
  organization={ACM}
}

@article{sweeney_demographics,
  title={{Simple demographics often identify people uniquely}},
  author={Sweeney, Latanya},
  journal={Health (San Francisco)},
  volume={671},
  pages={1--34},
  year={2000}
}

@misc{kltHauf,
  title={{Allgemeine Konzepte K-Anonymity, l-Diversity and T-Closeness}},
  author={Hauf, Dietmar},	
  year={2007},
  howpublished={\url{https://dbis.ipd.kit.edu/img/content/SS07Hauf\_kAnonym.pdf}},
  note={Zugriff am 16.5.2016.}
}

@article{aggarwal,
  title={{Approximation algorithms for k-anonymity}},
  author={Aggarwal, Gagan and Feder, Tomas and Kenthapadi, Krishnaram and Motwani, Rajeev and Panigrahy, Rina and Thomas, Dilys and Zhu, An},
  journal={Journal of Privacy Technology (JOPT)},
  year={2005}
}

@inproceedings{meyerson,
  title={{On the complexity of optimal k-anonymity}},
  author={Meyerson, Adam and Williams, Ryan},
  booktitle={Proceedings of the twenty-third ACM SIGMOD-SIGACT-SIGART symposium on Principles of database systems},
  pages={223--228},
  year={2004},
  organization={ACM}
}

@incollection{ciriani,
  title={{k-Anonymity}},
  author={Ciriani, Valentina and di Vimercati, S De Capitani and Foresti, Sara and Samarati, Pierangela},
  booktitle={Secure data management in decentralized systems},
  pages={323--353},
  year={2007},
  publisher={Springer}
}
